@Article{Alizadeh2000,
  Title                    = {Distinct Types of Diffuse Large {B}-Cell Lymphoma Identified by Gene Expression Profiling},
  Author                   = {Alizadeh, A. A. and others},
  Journal                  = {Nature},
  Year                     = {2000},
  Number                   = {6769},
  Pages                    = {503--511},
  Volume                   = {403},
  Doi                      = {10.1038/35000501},
  Pmid                     = {10676951}
}

@Article{DybkaerBoegsted2015,
  Title                    = {Diffuse Large {B}-Cell Lymphoma Classification System That Associates Normal {B}-cell Subset Phenotypes with Prognosis},
  Author                   = {K. Dybk\ae{}r and others},
  Journal                  = {Journal of Clinical Oncology},
  Year                     = {2015},
  Number                   = {12},
  Pages                    = {1379--1388},
  Doi                      = {10.1200/JCO.2014.57.7080},
  Volume                   = {33}
}

@Article{Falgreen2015,
  Title                    = {Predicting Response to Multidrug Regimens in Cancer Patients using Cell Line Experiments and Regularised Regression Models},
  Author                   = {Falgreen, S. and others},
  Journal                  = {BMC Cancer},
  Year                     = {2015},
  Number                   = {235},
  Pages                    = {1--15},
  Volume                   = {15},
  Doi                      = {10.1186/s12885-015-1237-6},
  Publisher                = {BioMed Central Ltd}
}

@Article{Marquez2015,
  Title                    = {High miR-34a expression improves response to doxorubicin in diffuse large {B}-cell lymphoma},
  Author                   = {Marquez, S. C. and others},
  Journal                  = {Experimental Haematology},
  Year                     = {{f}orthcomming, 2016},
}