@article{Zou2005,
author = {Zou, Hui and Hastie, Trevor},
doi = {10.1111/j.1467-9868.2005.00503.x},
issn = {1369-7412},
journal = {J. R. Stat. Soc. Ser. B},
month = apr,
number = {2},
pages = {301--320},
title = {{Regularization and variable selection via the elastic net}},
volume = {67},
year = {2005}
}

@article{Ziepert2010,
author = {Ziepert, Marita and Hasenclever, Dirk and Kuhnt, Evelyn and Glass, Bertram and Schmitz, Norbert and Pfreundschuh, Michael and Loeffler, Markus},
doi = {10.1200/JCO.2009.26.2493},
issn = {1527-7755},
journal = {J. Clin. Oncol.},
month = may,
number = {14},
pages = {2373--80},
pmid = {20385988},
title = {{Standard International prognostic index remains a valid predictor of outcome for patients with aggressive CD20+ B-cell lymphoma in the rituximab era}},
volume = {28},
year = {2010}
}

@article{Wright2003,
author = {Wright, George and Tan, Bruce and Rosenwald, Andreas and Hurt, Elaine H and Wiestner, Adrian and Staudt, Louis M},
doi = {10.1073/pnas.1732008100},
issn = {0027-8424},
journal = {PNAS},
month = aug,
number = {17},
pages = {9991--6},
pmid = {12900505},
title = {{A gene expression-based method to diagnose clinically distinct subgroups of diffuse large B cell lymphoma}},
volume = {100},
year = {2003}
}

@article{Visco2012,
author = {Visco, Carlo and Li, Yan and Xu-Monette, ZY and Miranda, RN},
isbn = {1713745259},
journal = {Leukemia},
number = {9},
pages = {2103--2113},
title = {{Comprehensive gene expression profiling and immunohistochemical studies support application of immunophenotypic algorithm for molecular subtype classification in diffuse large B-cell lymphoma: A report from the International DLBCL Rituximab-CHOP Consortiu}},
volume = {26},
year = {2012}
}

@article{Tibshirani1996,
author = {Tibshirani, R.},
journal = {J. R. Stat. Soc. Ser. B},
number = {1},
pages = {267--288},
publisher = {Blackwell Publishers},
title = {{Regression shrinkage and selection via the lasso}},
volume = {58},
year = {1996}
}

@article{Shipp2002,
author = {Shipp, Margaret a and Ross, Ken N and Tamayo, Pablo and Weng, Andrew P and Kutok, Jeffery L and Aguiar, Ricardo C T and Gaasenbeek, Michelle and Angelo, Michael and Reich, Michael and Pinkus, Geraldine S and Ray, Tane S and Koval, Margaret a and Last, Kim W and Norton, Andrew and Lister, T Andrew and Mesirov, Jill and Neuberg, Donna S and Lander, Eric S and Aster, Jon C and Golub, Todd R},
doi = {10.1038/nm0102-68},
issn = {1078-8956},
journal = {Nat. Med.},
month = jan,
number = {1},
pages = {68--74},
pmid = {11786909},
title = {{Diffuse large B-cell lymphoma outcome prediction by gene-expression profiling and supervised machine learning}},
volume = {8},
year = {2002}
}

@article{Schmoll2012,
author = {Schmoll, H J and {Van Cutsem}, E and Stein, A and Valentini, V and Glimelius, B and Haustermans, K and Nordlinger, B and van de Velde, C J and Balmana, J and Regula, J and Nagtegaal, I D and Beets-Tan, R G and Arnold, D and Ciardiello, F and Hoff, P and Kerr, D and K\"{o}hne, C H and Labianca, R and Price, T and Scheithauer, W and Sobrero, A and Tabernero, J and Aderka, D and Barroso, S and Bodoky, G and Douillard, J Y and {El Ghazaly}, H and Gallardo, J and Garin, A and Glynne-Jones, R and Jordan, K and Meshcheryakov, A and Papamichail, D and Pfeiffer, P and Souglakos, I and Turhal, S and Cervantes, A},
doi = {10.1093/annonc/mds236},
issn = {1569-8041},
journal = {Ann. Oncol.},
month = oct,
number = {10},
pages = {2479--516},
pmid = {23012255},
title = {{ESMO Consensus Guidelines for management of patients with colon and rectal cancer. a personalized approach to clinical decision making}},
volume = {23},
year = {2012}
}

@manual{RStudio2013,
annote = {\R{} package  version 0.8.0},
author = {RStudio and Inc.},
title = {{shiny: Web Application Framework for R}},
year = {2013}
}

@article{Rosenwald2002a,
author = {Rosenwald, Andreas and Wright, George and Chan, Wing C and Connors, Joseph M and Campo, Elias and Fisher, Richard I and Gascoyne, Randy D and Muller-Hermelink, H Konrad and Smeland, Erlend B and Giltnane, Jena M and Hurt, Elaine M and Zhao, Hong and Averett, Lauren and Yang, Liming and Wilson, Wyndham H and Jaffe, Elaine S and Simon, Richard and Klausner, Richard D and Powell, John and Duffey, Patricia L and Longo, Dan L and Greiner, Timothy C and Weisenburger, Dennis D and Sanger, Warren G and Dave, Bhavana J and Lynch, James C and Vose, Julie and Armitage, James O and Montserrat, Emilio and L\'{o}pez-Guillermo, Armando and Grogan, Thomas M and Miller, Thomas P and LeBlanc, Michel and Ott, German and Kvaloy, Stein and Delabie, Jan and Holte, Harald and Krajci, Peter and Stokke, Trond and Staudt, Louis M},
doi = {10.1056/NEJMoa012914},
issn = {1533-4406},
journal = {N. Engl. J. Med.},
month = jun,
number = {25},
pages = {1937--47},
pmid = {12075054},
title = {{The use of molecular profiling to predict survival after chemotherapy for diffuse large-B-cell lymphoma}},
volume = {346},
year = {2002}
}

@misc{RCoreTeam2015,
title = {\R{}: A Language and Environment for Statistical Computing},
author = {{\R{} Core Team}},
organization = {R Foundation for Statistical Computing},
address = {Vienna, Austria},
year = {2015},
url = {http://www.R-project.org/}
}

@article{Nogai2013,
author = {Nogai, Hendrik and Wenzel, S\"{o}ren-Sebastian and Hailfinger, Stephan and Grau, Michael and Kaergel, Eva and Seitz, Volkhard and Wollert-Wulf, Brigitte and Pfeifer, Matthias and Wolf, Annette and Frick, Mareike and Dietze, Kerstin and Madle, Hannelore and Tzankov, Alexander and Hummel, Michael and D\"{o}rken, Bernd and Scheidereit, Claus and Janz, Martin and Lenz, Peter and Thome, Margot and Lenz, Georg},
doi = {10.1182/blood-2013-06-508028},
issn = {1528-0020},
journal = {Blood},
number = {13},
pages = {2242--50},
pmid = {23869088},
title = {{I$\kappa$B-$\zeta$ controls the constitutive NF-$\kappa$B target gene network and survival of ABC DLBCL}},
volume = {122},
year = {2013}
}

@article{Monti2012a,
author = {Monti, Stefano and Chapuy, Bjoern and Takeyama, Kunihiko and Rodig, Scott J and Hao, Yansheng and Yeda, Kelly T and Inguilizian, Haig and Mermel, Craig and Currie, Treeve and Dogan, Ahmet and Kutok, Jeffery L and Beroukhim, Rameen and Neuberg, Donna and Habermann, Thomas M and Getz, Gad and Kung, Andrew L and Golub, Todd R and Shipp, Margaret a},
issn = {1878-3686},
journal = {Cancer Cell},
month = sep,
number = {3},
pages = {359--72},
pmid = {22975378},
publisher = {Elsevier Inc.},
title = {{Integrative analysis reveals an outcome-associated and targetable pattern of p53 and cell cycle deregulation in diffuse large B cell lymphoma}},
volume = {22},
year = {2012}
}

@article{Malumbres2008,
author = {Malumbres, Raquel and Chen, Jun and Tibshirani, Rob and Johnson, Nathalie A and Sehn, Laurie H and Natkunam, Yaso and Briones, Javier and Advani, Ranjana and Connors, Joseph M and Byrne, Gerald E and Levy, Ronald and Gascoyne, Randy D and Lossos, Izidore S},
doi = {10.1182/blood-2008-02-136374},
issn = {1528-0020},
journal = {Blood},
month = jun,
number = {12},
pages = {5509--14},
pmid = {18445689},
title = {{Paraffin-based 6-gene model predicts outcome in diffuse large B-cell lymphoma patients treated with R-CHOP}},
volume = {111},
year = {2008}
}

@article{Lossos2004a,
author = {Lossos, Izidore S and Czerwinski, Debra K and Alizadeh, Ash A and Wechser, Mark A and Tibshirani, Rob and Botstein, David and Levy, Ronald},
doi = {10.1056/NEJMoa032520},
issn = {1533-4406},
journal = {N. Engl. J. Med.},
month = apr,
number = {18},
pages = {1828--37},
pmid = {15115829},
title = {{Prediction of survival in diffuse large-B-cell lymphoma based on the expression of six genes}},
volume = {350},
year = {2004}
}

@article{Li2008,
author = {Li, Hua and Zhu, Dongxiao and Cook, Malcolm},
doi = {10.1186/1471-2164-9-188},
issn = {1471-2164},
journal = {BMC Genomics},
month = jan,
number = {1},
pages = {188},
pmid = {18435860},
title = {{A statistical framework for consolidating "sibling" probe sets for Affymetrix GeneChip data.}},
volume = {9},
year = {2008}
}

@article{Lenz2008a,
author = {Lenz, G and Wright, G and Dave, S S and Xiao, W and Powell, J and Zhao, H and Xu, W and Tan, B and Goldschmidt, N and Iqbal, J and Vose, J and Bast, M and Fu, K and Weisenburger, D D and Greiner, T C and Armitage, J O and Kyle, A and May, L and Gascoyne, R D and Connors, J M and Troen, G and Holte, H and Kvaloy, S and Dierickx, D and Verhoef, G and Delabie, J and Smeland, E B and Jares, P and Martinez, A and Lopez-Guillermo, A and Montserrat, E and Campo, E and Braziel, R M and Miller, T P and Rimsza, L M and Cook, J R and Pohlman, B and Sweetenham, J and Tubbs, R R and Fisher, R I and Hartmann, E and Rosenwald, A and Ott, G and Muller-Hermelink, H-K and Wrench, D and Lister, T A and Jaffe, E S and Wilson, W H and Chan, W C and Staudt, L M},
doi = {10.1056/NEJMoa0802885},
issn = {1533-4406},
journal = {N. Engl. J. Med.},
month = nov,
number = {22},
pages = {2313--23},
pmid = {19038878},
title = {{Stromal gene signatures in large-B-cell lymphomas}},
volume = {359},
year = {2008}
}

@article{Johnsen2013,
author = {Johnsen, Hans E. and Falgreen, Steffen and B{\o}gsted, Martin and Dybk{\ae}r, Karen},
journal = {Manuscr. Prep.},
title = {{Clinical validation of recently established resistance gene signatures (REGS) for prediction of tumor response to Cyclophosphamide, Doxorubicin, and Vincristine, and their relation to cell of origin}},
year = {2013}
}

@article{Jaffe2009,
author = {Jaffe, Elaine S},
doi = {10.1182/asheducation-2009.1.523},
issn = {1520-4383},
journal = {Hematology},
month = jan,
number = {1},
pages = {523--31},
pmid = {20008237},
title = {{The 2008 WHO classification of lymphomas: implications for clinical practice and translational research}},
volume = {2009},
year = {2009}
}

@article{Irizarry2003,
author = {Irizarry, Rafael A. and Hobbs, Bridget and Collin, Francois and Beazer-Barclay, Yasmin D and Antonellis, Kristen J and Scherf, U and Speed, Terence P},
doi = {10.1093/biostatistics/4.2.249},
issn = {1465-4644},
journal = {Biostatistics},
month = apr,
number = {2},
pages = {249--64},
pmid = {12925520},
title = {{Exploration, normalization, and summaries of high density oligonucleotide array probe level data}},
volume = {4},
year = {2003}
}

@article{Irizarry2003b,
author = {Irizarry, Rafael A. and Bolstad, Benjamin M. and Collin, Francois and Cope, Leslie M. and Hobbs, Bridget and Speed, Terence P.},
doi = {10.1093/nar/gng015},
issn = {13624962},
journal = {Nucleic Acids Res.},
month = feb,
number = {4},
pages = {15e--15},
title = {{Summaries of Affymetrix GeneChip probe level data}},
volume = {31},
year = {2003}
}

@article{Huang2009,
author = {Huang, Liang-Tsung},
doi = {10.1186/1423-0127-16-25},
issn = {1423-0127},
journal = {J. Biomed. Sci.},
month = jan,
number = {1},
pages = {25},
pmid = {19272192},
title = {{An integrated method for cancer classification and rule extraction from microarray data}},
volume = {16},
year = {2009}
}
@article{Hoerl1970,
author = {Hoerl, A.E. and Kennard, R.W.},
journal = {Technometrics},
number = {1},
pages = {55--67},
publisher = {The American Society for Quality and The American Statistical Association},
title = {{Ridge regression: Biased estimation for nonorthogonal problems}},
volume = {12},
year = {1970}
}

@article{Hernandez-Ilizaliturri2011a,
author = {Hernandez-Ilizaliturri, Francisco J and Deeb, George and Zinzani, Pier L and Pileri, Stefano A and Malik, Farhana and Macon, William R and Goy, Andre and Witzig, Thomas E and Czuczman, Myron S},
doi = {10.1002/cncr.26135},
issn = {1097-0142},
journal = {Cancer},
month = nov,
number = {22},
pages = {5058--66},
pmid = {21495023},
title = {{Higher response to lenalidomide in relapsed/refractory diffuse large B-cell lymphoma in nongerminal center B-cell-like than in germinal center B-cell-like phenotype}},
volume = {117},
year = {2011}
}

@article{Hans2004,
author = {Hans, Christine P and Weisenburger, Dennis D and Greiner, Timothy C and Gascoyne, Randy D and Delabie, Jan and Ott, German and M\"{u}ller-Hermelink, H Konrad and Campo, Elias and Braziel, Rita M and Jaffe, Elaine S and Pan, Zenggang and Farinha, Pedro and Smith, Lynette M and Falini, Brunangelo and Banham, Alison H and Rosenwald, Andreas and Staudt, Louis M and Connors, Joseph M and Armitage, James O and Chan, Wing C},
doi = {10.1182/blood-2003-05-1545},
issn = {0006-4971},
journal = {Blood},
month = jan,
number = {1},
pages = {275--82},
pmid = {14504078},
title = {{Confirmation of the molecular classification of diffuse large B-cell lymphoma by immunohistochemistry using a tissue microarray}},
volume = {103},
year = {2004}
}

@article{Gentleman2004,
author = {Gentleman, Robert C and Carey, Vincent J and Bates, Douglas M and Bolstad, Ben and Dettling, Marcel and Dudoit, Sandrine and Ellis, Byron and Gautier, Laurent and Ge, Yongchao and Gentry, Jeff and Hornik, Kurt and Hothorn, Torsten and Huber, Wolfgang and Iacus, Stefano and Irizarry, Rafael and Leisch, Friedrich and Li, Cheng and Maechler, Martin and Rossini, Anthony J and Sawitzki, Gunther and Smith, Colin and Smyth, Gordon and Tierney, Luke and Yang, Jean Y H and Zhang, Jianhua},
doi = {10.1186/gb-2004-5-10-r80},
issn = {1465-6914},
journal = {Genome Biol.},
month = jan,
number = {10},
pages = {R80},
pmid = {15461798},
title = {{Bioconductor: open software development for computational biology and bioinformatics}},
volume = {5},
year = {2004}
}

@article{Gautier2004,
author = {Gautier, Laurent and Cope, Leslie and Bolstad, Benjamin M and Irizarry, Rafael A},
doi = {10.1093/bioinformatics/btg405},
issn = {1367-4803},
journal = {Bioinformatics},
month = feb,
number = {3},
pages = {307--15},
pmid = {14960456},
title = {{affy--analysis of Affymetrix GeneChip data at the probe level}},
volume = {20},
year = {2004}
}

@article{Gang2012,
author = {Gang, A O and Str{\o}m, C and Pedersen, M and D'Amore, F and Pedersen, L M and Bukh, A and Pedersen, B B and Moeller, M B and Mortensen, L S and Gadeberg, O V and Ingeberg, S and Mourits-Andersen, T and Pulczynski, S and {d Nully Brown}, P},
doi = {10.1093/annonc/mdr058},
issn = {1569-8041},
journal = {Ann. Oncol.},
month = jan,
number = {1},
pages = {147--53},
pmid = {21460380},
title = {{R-CHOEP-14 improves overall survival in young high-risk patients with diffuse large B-cell lymphoma compared with R-CHOP-14. A population-based investigation from the Danish Lymphoma Group}},
volume = {23},
year = {2012}
}

@article{Friedman2010,
author = {Friedman, Jerome and Hastie, Trevor and Tibshirani, Robert},
journal = {J. Stat. Softw.},
pages = {1--24},
publisher = {Citeseer},
title = {{Regularization paths for generalized linear models via coordinate descent}},
year = {2010}
}

@article{Friedberg2011,
author = {Friedberg, Jonathan W},
doi = {10.1158/1078-0432.CCR-11-1073},
issn = {1078-0432},
journal = {Clin. Cancer Res.},
month = oct,
number = {19},
pages = {6112--7},
pmid = {21844008},
title = {{New strategies in diffuse large B-cell lymphoma: translating findings from gene expression analyses into clinical practice}},
volume = {17},
year = {2011}
}

@article{Falgreen2013c,
author = {Falgreen, Steffen and Dybk{\ae}r, Karen and El-Galaly, Tarec C. and B{\o}dker, Julie S. and Kjeldsen, Malene K. and Bach, Maria and Schmitz, Alexander and Nyegaard, Mette and Johnsen, Hans Erik and B{\o}gsted, Martin},
journal = {Submitt. to Clininal Cancer Res.},
title = {{Workflows for Cell Line Based Predictors of Response to Chemotherapy in Diffuse Large B-Cell Lymphoma Cohorts Based on Regularised Regression Models}},
year = {2013}
}

@article{Falgreen,
author = {Falgreen, Steffen and Bilgrau, Anders Ellern and El-Galaly, Tarec Christoffer and B{\o}dker, Julie S. and Schmitz, Alexander and Kjeldsen, Malene K. and Johnsen, Hans E. and Dybk{\ae}r, Karen and {Martin B{\o}gsted}},
journal = {Manuscr. Prep.},
title = {{Hemaclass.com: an online based diffuse large B-cell lymphoma classification tool}},
year = {2013}
}

@article{Dybkaer2013,
author = {Dybk{\ae}r, Karen and B{\o}gsted, Martin and Schmitz, Alexander and Kjeldsen, Malene Krag and B{\o}dker, Julie St{\o}ve and Falgreen, Steffen and Bilgrau, Anders Ellern and Bergkvist, Kim Steve and Laursen, Maria Bach and {Rodrigo-Domingo, Maria Marques}, Sara Correia and S{\o}rensen, Suzette and Gaihede, Michael and N{\o}rgaard and Agge, Martin and Johansen, Preben and Samworth, Richard J. and Shah, Rajen D. and M{\o}ller, Michael Boe and Pedersen, Lars M{\o}ller and Hansen, Steen M{\o}ller and Madsen, Jakob and El-Galay, Tarec Christoffer and Young, Ken He and Johnsen, Hans Erik},
journal = {Manuscr. Prep.},
title = {{A classification system that associates normal B-cell phenotypes with prognosis in diffuse large B-cell lymphoma}},
year = {2013}
}

@article{Dai2005,
author = {Dai, Manhong and Wang, Pinglang and Boyd, Andrew D and Kostov, Georgi and Athey, Brian and Jones, Edward G and Bunney, William E and Myers, Richard M and Speed, Terry P and Akil, Huda and Watson, Stanley J and Meng, Fan},
doi = {10.1093/nar/gni179},
issn = {1362-4962},
journal = {Nucleic Acids Res.},
month = jan,
number = {20},
pages = {e175},
pmid = {16284200},
title = {{Evolving gene/transcript definitions significantly alter the interpretation of GeneChip data}},
volume = {33},
year = {2005}
}

@article{Coutinho2013,
author = {Coutinho, R and Gribben, J},
journal = {Curr. Biomark. Find.},
pages = {17--34},
title = {{Biomarkers of diffuse large B-cell lymphoma: impact on diagnosis, treatment, and prognosis}},
volume = {3},
year = {2013}
}

@article{Coiffier2002a,
author = {Coiffier, Bertrand and Lepage, Eric and Briere, Josette and Herbrecht, Raoul and Tilly, Herv\'{e} and Bouabdallah, Reda and Morel, Pierre and {Van Den Neste}, Eric and Salles, Gilles and Gaulard, Philippe and Reyes, Felix and Lederlin, Pierre and Gisselbrecht, Christian},
doi = {10.1056/NEJMoa011795},
issn = {1533-4406},
journal = {N. Engl. J. Med.},
month = jan,
number = {4},
pages = {235--42},
pmid = {11807147},
title = {{CHOP chemotherapy plus rituximab compared with CHOP alone in elderly patients with diffuse large-B-cell lymphoma}},
volume = {346},
year = {2002}
}

@article{Chen2012a,
author = {Chen, Xiaoming and Andersson, Roland and Cho, William Cs and Christiani, David and Coico, Richard and Drazen, Jeffery and Ege, Markus and Fehniger, Thomas and Gao, Hongwei and Jin, Kunlin and Liebman, Michael N and Lopez, Elena and Marraro, Giuseppe and Marko-Varga, Gyorgy and Marincola, Francesco M and Popescu, Laurentiu M and Spada, Claudio and Shahzad, Aamir and Wang, Ena and Wang, Wei and Wang, Xiangdong and Wang, Yong-Xiao and Xia, Jinglin and Qu, Jia},
doi = {10.1186/2001-1326-1-15},
issn = {2001-1326},
journal = {Clin. Transl. Med.},
language = {en},
month = jan,
number = {1},
pages = {15},
pmid = {23369397},
publisher = {Springer},
title = {{The international effort: building the bridge for Translational Medicine: Report of the 1st International Conference of Translational Medicine (ICTM)}},
volume = {1},
year = {2012}
}

@article{CHEN1989,
author = {CHEN, S. and BILLINGS, S. A. and LUO, W.},
doi = {10.1080/00207178908953472},
issn = {0020-7179},
journal = {Int. J. Control},
month = nov,
number = {5},
pages = {1873--1896},
publisher = {Taylor \& Francis},
title = {{Orthogonal least squares methods and their application to non-linear system identification}},
volume = {50},
year = {1989}
}

@article{Care2013,
author = {Care, Matthew A and Barrans, Sharon and Worrillow, Lisa and Jack, Andrew and Westhead, David R and Tooze, Reuben M},
doi = {10.1371/journal.pone.0055895},
editor = {Richards, Kristy L.},
issn = {1932-6203},
journal = {PLoS One},
month = jan,
number = {2},
pages = {e55895},
pmid = {23424639},
publisher = {Public Library of Science},
title = {{A microarray platform-independent classification tool for cell of origin class allows comparative analysis of gene expression in diffuse large B-cell lymphoma}},
volume = {8},
year = {2013}
}

@article{Bolstad2003,
author = {Bolstad, B M and Irizarry, Rafael A. and Astrand, M and Speed, Terence P},
issn = {1367-4803},
journal = {Bioinformatics},
month = jan,
number = {2},
pages = {185--93},
pmid = {12538238},
title = {{A comparison of normalization methods for high density oligonucleotide array data based on variance and bias}},
volume = {19},
year = {2003}
}
@article{Alizadeh2000,
author = {Alizadeh, a a and Eisen, M B and Davis, R E and Ma, C and Lossos, I S and Rosenwald, A and Boldrick, J C and Sabet, H and Tran, T and Yu, X and Powell, J I and Yang, L and Marti, G E and Moore, T and Hudson, J and Lu, L and Lewis, D B and Tibshirani, R and Sherlock, G and Chan, W C and Greiner, T C and Weisenburger, D D and Armitage, J O and Warnke, R and Levy, R and Wilson, W and Grever, M R and Byrd, J C and Botstein, D and Brown, P O and Staudt, L M},
doi = {10.1038/35000501},
issn = {0028-0836},
journal = {Nature},
month = feb,
number = {6769},
pages = {503--11},
pmid = {10676951},
title = {{Distinct types of diffuse large B-cell lymphoma identified by gene expression profiling}},
volume = {403},
year = {2000}
}
